%% This BibTeX bibliography file was created using BibDesk.
%% http://bibdesk.sourceforge.net/

%% Created for Adam Stefunko at 2018-04-14 23:34:03 +0200 


%% Saved with string encoding Unicode (UTF-8) 



@misc{Cosign,
	Date-Added = {2018-04-14 20:22:46 +0000},
	Date-Modified = {2018-04-14 20:27:03 +0000},
	Lastchecked = {2018/04/14},
	Note = {Retrieved April 16, 2018, from \url{http://weblogin.org}},
	Title = {{cosign: web single sign-on [online]}},
	Author={University of Michigan},
	Url = {http://weblogin.org},
	Bdsk-Url-1 = {http://weblogin.org}}

@article{Rubin,
	Author = {Aviel D. Rubin},
	Date-Added = {2018-01-26 12:10:57 +0000},
	Date-Modified = {2018-01-26 12:13:11 +0000},
	Journal = {Communications of the ACM},
	Keywords = {remote electronic voting, security},
	Month = {December},
	Number = {12},
	Pages = {39 - 44},
	Title = {{Security Considerations for Remote Electronic Voting}},
	Volume = {45},
	Year = {2002}}

@misc{BunSri,
	Author = {Prashanth P. Bungale and Swaroop Sridhar},
	Date-Added = {2018-01-24 10:32:58 +0000},
	Date-Modified = {2018-01-26 20:07:23 +0000},
	Keywords = {Department of Computer Science. Johns Hopkins University, Baltimore},
	Note = {Department of Computer Science. Johns Hopkins University, Baltimore. Available at \url{http://www.cs.jhu.edu/~rubin/courses/sp03/group-reports/group4/group4_requirements.pdf}},
	Title = {{Requirements for an Electronic Voting System}}}

@mastersthesis{Rjaskova,
	Author = {{Zuzana Rja{\v s}kov{\'a}}},
	Date-Added = {2018-01-24 09:57:05 +0000},
	Date-Modified = {2018-01-24 10:32:55 +0000},
	Keywords = {electronic voting, cryptography schemes},
	Month = {April},
	Note = {\break Available at \url{https://people.ksp.sk/~zuzka/elevote.pdf}},
	School = {Faculty of Mathematics, Physics and Informatics. Comenius University, Bratislava},
	Title = {{Electronic Voting Schemes}},
	Year = {2002}}

@misc{Brit,
	Author = {Encyclopaedia Britannica},
	Date-Added = {2018-01-24 09:49:34 +0000},
	Date-Modified = {2018-01-25 15:44:33 +0000},
	Keywords = {electronic voting, E-voting, I-voting},
	Note = {Retrieved January 24, 2018, from \url{https://www.britannica.com/topic/electronic-voting}},
	Title = {{Electronic voting [online]}}}

@misc{Wiki,
	Author = {Wikipedia, The Free Encyclopedia},
	Date-Added = {2018-01-24 08:38:17 +0000},
	Date-Modified = {2018-01-25 15:44:12 +0000},
	Keywords = {electronic voting},
	Lastchecked = {2018-01-24},
	Note = {Retrieved January 24, 2018, from \url{https://en.wikipedia.org/wiki/Electronic_voting}},
	Title = {{Electronic voting [online]}}}

@article{Shamir,
	Author = {Shamir, Adi},
	Date-Modified = {2018-04-14 10:15:32 +0000},
	Journal = {Communications of the ACM},
	Number = {11},
	Pages = {612--613},
	Publisher = {ACm},
	Title = {{How to share a secret}},
	Volume = {22},
	Year = {1979}}

@misc{Ramsdell,
	Author = {Ramsdell, Blake and Turner, Sean},
	Date-Modified = {2018-04-14 21:34:02 +0000},
	Note = {Retrieved April 16, from \url{https://tools.ietf.org/html/rfc5751}},
	Title = {{Secure/multipurpose internet mail extensions (S/MIME) version 3.2 message specification}},
	Url = {https://tools.ietf.org/html/rfc5751},
	Year = {2010}}

@misc{SMIME,
	Title = {{Understanding S/MIME [online]}},
	Author = {Microsoft},
	Date-Added = {2006-08-16},
	Lastchecked = {2018-04-15},
	Keywords = {S/MIME},
	Note = {Retrieved April 15, 2018, from \break \url{https://technet.microsoft.com/en-us/library/aa995740(v=exchg.65).aspx}},
	Url = {\url{https://technet.microsoft.com/en-us/library/aa995740(v=exchg.65).aspx}}}

@article{Turner,
  title={{Secure/multipurpose internet mail extensions}},
  author={Turner, Sean},
  journal={IEEE Internet Computing},
  volume={14},
  number={5},
  pages={82--86},
  year={2010},
  publisher={IEEE}
}

@article{Haenni,
  title={{Research on e-voting technologies}},
  author={Haenni, Rolf and Dubuis, Eric and Ultes-Nitsche, Ulrich},
  journal={Bern University of Applied Sciences, Tech. Rep},
  volume={5},
  year={2008}
}

@article{Maaten,
  title={{Towards remote e-voting: Estonian case}},
  author={Maaten, Epp},
  journal={Electronic Voting in Europe-Technology, Law, Politics and Society},
  volume={47},
  pages={83--100},
  year={2004}
}

@article{Gjosteen2010,
  title={{Analysis of an internet voting protocol.}},
  author={Gj{\o}steen, Kristian},
  journal={IACR Cryptology ePrint Archive},
  volume={2010},
  pages={380},
  year={2010}
}

@article{Gjosteen2012,
  title={The Norwegian Internet Voting Protocol},
  author={Gj{\o}steen, Kristian},
  journal={E-Voting and Identity},
  pages={1--18},
  year={2012},
  publisher={Springer}
}

@article{Gjosteen2015,
  title={{The Norwegian Internet Voting Protocol: A new Instantiation.}},
  author={Gj{\o}steen, Kristian and Lund, Anders Smedstuen},
  journal={IACR Cryptology ePrint Archive},
  volume={2015},
  pages={503},
  year={2015},
  publisher={Citeseer}
}

@article{Gjosteen2016,
  title={{Fully homomorphic encryption must be fat or ugly?}},
  author={Gj{\o}steen, Kristian and Strand, Martin},
  journal={IACR Cryptology ePrint Archive},
  volume={2016},
  pages={105},
  year={2016}
}

@misc{Standford,
	title={{Electronic Voting}},
	author={Applied Gryptography Group, Standford University},
	Note={\break Retrieved April 21, 2018, from \url{https://crypto.stanford.edu/pbc/notes/crypto/voting.html}}}

@article{Goldschlag,
  title={Onion Routing for Anonymous and Private Internet Connections},
  author={Goldschlag, David and Reed, Michael and Syverson, Paul},
  journal={Communications of the ACM},
  volume={42},
  number={2},
  pages={39--41},
  year={1999},
  publisher={ACM}
}

@inproceedings{Chaum,
  title={Untraceable electronic cash},
  author={Chaum, David and Fiat, Amos and Naor, Moni},
  booktitle={Conference on the Theory and Application of Cryptography},
  pages={319--327},
  year={1988},
  organization={Springer}
}

@inproceedings{Delaune,
  title={Receipt-freeness: Formal definition and fault attacks},
  author={Delaune, St{\'e}phanie and Kremer, Steve and Ryan, Mark D},
  booktitle={Proceedings of the Workshop Frontiers in Electronic Elections (FEE 2005), Milan, Italy},
  year={2005}
}

@inproceedings{Radwin,
  title={An untraceable, universally verifiable voting scheme},
  author={Radwin, Michael J and Klein, Phil},
  booktitle={Seminar in Cryptology},
  pages={829--834},
  year={1995}
}

@article{Swiss,
	title={{Swiss Online Voting Protocol}},
	author={Scytl Secure Electronic Voting}
}

@inproceedings{Springall,
  title={Security analysis of the Estonian internet voting system},
  author={Springall, Drew and Finkenauer, Travis and Durumeric, Zakir and Kitcat, Jason and Hursti, Harri and MacAlpine, Margaret and Halderman, J Alex},
  booktitle={Proceedings of the 2014 ACM SIGSAC Conference on Computer and Communications Security},
  pages={703--715},
  year={2014},
  organization={ACM}
}
